@Book{palermo2010asp.net,
 author = {Palermo, Jeffrey},
 title = {ASP.NET MVC in action with MvcContrib, NHibernate, and more},
 publisher = {Manning},
 year = {2010},
 address = {Greenwich Conn},
 isbn = {9781933988627}
}

@misc{nodejs-about,
  author = "{Joyent, Inc.}",
  title = "Node.js title page",
  year = "2012",
  howpublished={\url{"http://http://nodejs.org/"}},
  note = "[Online; accessed 2012-10-10]"
}

@article{pritchett,
 author = {Pritchett, Dan},
 title = {BASE: An Acid Alternative},
 journal = {Queue},
 issue_date = {May/June 2008},
 volume = {6},
 number = {3},
 month = may,
 year = {2008},
 issn = {1542-7730},
 pages = {48--55},
 numpages = {8},
 url = {http://doi.acm.org/10.1145/1394127.1394128},
 doi = {10.1145/1394127.1394128},
 acmid = {1394128},
 publisher = {ACM},
 address = {New York, NY, USA},
}

@article{Rashid2008,
 author = {Rashid, Al Mamunur and Karypis, George and Riedl, John},
 title = {Learning Preferences of New Users in Recommender Systems: An Information Theoretic Approach},
 journal = {SIGKDD Explor. Newsl.},
 issue_date = {December 2008},
 volume = {10},
 number = {2},
 month = dec,
 year = {2008},
 issn = {1931-0145},
 pages = {90--100},
 numpages = {11},
 url = {http://doi.acm.org/10.1145/1540276.1540302},
 doi = {10.1145/1540276.1540302},
 acmid = {1540302},
 publisher = {ACM},
 address = {New York, NY, USA},
}

@inproceedings{Rashid2002,
 author = {Rashid, Al Mamunur and Albert, Istvan and Cosley, Dan and Lam, Shyong K. and McNee, Sean M. and Konstan, Joseph A. and Riedl, John},
 title = {Getting to Know You: Learning New User Preferences in Recommender Systems},
 booktitle = {Proceedings of the 7th International Conference on Intelligent User Interfaces},
 series = {IUI '02},
 year = {2002},
 isbn = {1-58113-459-2},
 location = {San Francisco, California, USA},
 pages = {127--134},
 numpages = {8},
 url = {http://doi.acm.org/10.1145/502716.502737},
 doi = {10.1145/502716.502737},
 acmid = {502737},
 publisher = {ACM},
 address = {New York, NY, USA},
 keywords = {collaborative filtering, entropy, information filtering, recommender systems, startup problem, user modeling},
}

@inproceedings{McNee2006,
 author = {McNee, Sean M. and Riedl, John and Konstan, Joseph A.},
 title = {Being Accurate is Not Enough: How Accuracy Metrics Have Hurt Recommender Systems},
 booktitle = {CHI '06 Extended Abstracts on Human Factors in Computing Systems},
 series = {CHI EA '06},
 year = {2006},
 isbn = {1-59593-298-4},
 location = {Montr\&\#233;al, Qu\&\#233;bec, Canada},
 pages = {1097--1101},
 numpages = {5},
 url = {http://doi.acm.org/10.1145/1125451.1125659},
 doi = {10.1145/1125451.1125659},
 acmid = {1125659},
 publisher = {ACM},
 address = {New York, NY, USA},
 keywords = {collaborative filtering, metrics, personalization, recommender systems},
} 

@inproceedings{Hu2008,
 author = {Hu, Yifan and Koren, Yehuda and Volinsky, Chris},
 title = {Collaborative Filtering for Implicit Feedback Datasets},
 booktitle = {Proceedings of the 2008 Eighth IEEE International Conference on Data Mining},
 series = {ICDM '08},
 year = {2008},
 isbn = {978-0-7695-3502-9},
 pages = {263--272},
 numpages = {10},
 url = {http://dx.doi.org/10.1109/ICDM.2008.22},
 doi = {10.1109/ICDM.2008.22},
 acmid = {1511352},
 publisher = {IEEE Computer Society},
 address = {Washington, DC, USA},
 keywords = {Collaborative filtering, recommender system, implicit feedback},
}

@inproceedings{Schafer1999,
 author = {Schafer, J. Ben and Konstan, Joseph and Riedl, John},
 title = {Recommender Systems in e-Commerce},
 booktitle = {Proceedings of the 1st ACM Conference on Electronic Commerce},
 series = {EC '99},
 year = {1999},
 isbn = {1-58113-176-3},
 location = {Denver, Colorado, USA},
 pages = {158--166},
 numpages = {9},
 url = {http://doi.acm.org/10.1145/336992.337035},
 doi = {10.1145/336992.337035},
 acmid = {337035},
 publisher = {ACM},
 address = {New York, NY, USA},
 keywords = {cross-sell, customer loyalty, electronic commerce, interface, mass customization, recommender systems, up-sell},
} 

@incollection{Papagelis2005,
year={2005},
isbn={978-3-540-26042-4},
booktitle={Trust Management},
volume={3477},
series={Lecture Notes in Computer Science},
editor={Herrmann, Peter and Issarny, Val√©rie and Shiu, Simon},
doi={10.1007/11429760_16},
title={Alleviating the Sparsity Problem of Collaborative Filtering Using Trust Inferences},
url={http://dx.doi.org/10.1007/11429760_16},
publisher={Springer Berlin Heidelberg},
author={Papagelis, Manos and Plexousakis, Dimitris and Kutsuras, Themistoklis},
pages={224-239},
}

@INPROCEEDINGS{Massa2004,
    author = {Paolo Massa and Paolo Avesani},
    title = {Trust-aware Collaborative Filtering for Recommender Systems},
    booktitle = {In Proc. of Federated Int. Conference On The Move to Meaningful Internet: CoopIS, DOA, ODBASE},
    year = {2004},
    pages = {492--508}
}

@inproceedings{Massa2007,
 author = {Massa, Paolo and Avesani, Paolo},
 title = {Trust-aware Recommender Systems},
 booktitle = {Proceedings of the 2007 ACM Conference on Recommender Systems},
 series = {RecSys '07},
 year = {2007},
 isbn = {978-1-59593-730--8},
 location = {Minneapolis, MN, USA},
 pages = {17--24},
 numpages = {8},
 url = {http://doi.acm.org/10.1145/1297231.1297235},
 doi = {10.1145/1297231.1297235},
 acmid = {1297235},
 publisher = {ACM},
 address = {New York, NY, USA},
} 

@inproceedings{Jamali2009,
 author = {Jamali, Mohsen and Ester, Martin},
 title = {Using a Trust Network to Improve top-N Recommendation},
 booktitle = {Proceedings of the Third ACM Conference on Recommender Systems},
 series = {RecSys '09},
 year = {2009},
 isbn = {978-1-60558-435-5},
 location = {New York, New York, USA},
 pages = {181--188},
 numpages = {8},
 url = {http://doi.acm.org/10.1145/1639714.1639745},
 doi = {10.1145/1639714.1639745},
 acmid = {1639745},
 publisher = {ACM},
 address = {New York, NY, USA},
 keywords = {recommendation, top-N, trust},
} 


@inproceedings{Nguyen2007,
 author = {Nguyen, An-Te and Denos, Nathalie and Berrut, Catherine},
 title = {Improving New User Recommendations with Rule-based Induction on Cold User Data},
 booktitle = {Proceedings of the 2007 ACM Conference on Recommender Systems},
 series = {RecSys '07},
 year = {2007},
 isbn = {978-1-59593-730--8},
 location = {Minneapolis, MN, USA},
 pages = {121--128},
 numpages = {8},
 url = {http://doi.acm.org/10.1145/1297231.1297251},
 doi = {10.1145/1297231.1297251},
 acmid = {1297251},
 publisher = {ACM},
 address = {New York, NY, USA},
 keywords = {cold start problem, cold user data, collaborative filtering, new-user problem, recommender systems, rule-based induction},
} 

@inproceedings{Agarwal2009,
 author = {Agarwal, Deepak and Chen, Bee-Chung},
 title = {Regression-based Latent Factor Models},
 booktitle = {Proceedings of the 15th ACM SIGKDD International Conference on Knowledge Discovery and Data Mining},
 series = {KDD '09},
 year = {2009},
 isbn = {978-1-60558-495-9},
 location = {Paris, France},
 pages = {19--28},
 numpages = {10},
 url = {http://doi.acm.org/10.1145/1557019.1557029},
 doi = {10.1145/1557019.1557029},
 acmid = {1557029},
 publisher = {ACM},
 address = {New York, NY, USA},
 keywords = {dyadic data, interaction, latent factor, predictive, recommender systems, sparse},
} 


